<?xml version="1.0" encoding="UTF-8"?><collection xmlns="http://www.loc.gov/MARC21/slim"><record><leader>00357nam--2200133-i-4500</leader><controlfield tag="001">000050285</controlfield><controlfield tag="002">20161230</controlfield><controlfield tag="005">20161230201048</controlfield><controlfield tag="008">060222s1000------------r-----000-0-eng-d</controlfield><datafield ind1=" " ind2=" " tag="080"><subfield code="a">537.226.86=03.20=82</subfield></datafield><datafield ind1=" " ind2=" " tag="100"><subfield code="a">Barfut, Dzh. I Teilor, Dzh</subfield></datafield><datafield ind1=" " ind2=" " tag="245"><subfield code="a">Poliarnye dielektriki i ih primeneniia</subfield></datafield><datafield ind1=" " ind2=" " tag="260"><subfield code="a">Moskva, Izdatelstvo Mir, 1981, 528s</subfield></datafield><datafield ind1=" " ind2=" " tag="852"><subfield code="a">49986</subfield></datafield></record></collection>